%YAML 1.1
%TAG !u! tag:unity3d.com,2011:
--- !u!1 &173007562964264536
GameObject:
  m_ObjectHideFlags: 0
  m_CorrespondingSourceObject: {fileID: 0}
  m_PrefabInstance: {fileID: 0}
  m_PrefabAsset: {fileID: 0}
  serializedVersion: 6
  m_Component:
  - component: {fileID: 8946956909669829303}
  - component: {fileID: 7994918728798845706}
  m_Layer: 9
  m_Name: Robot2
  m_TagString: Untagged
  m_Icon: {fileID: 0}
  m_NavMeshLayer: 0
  m_StaticEditorFlags: 0
  m_IsActive: 1
--- !u!4 &8946956909669829303
Transform:
  m_ObjectHideFlags: 0
  m_CorrespondingSourceObject: {fileID: 0}
  m_PrefabInstance: {fileID: 0}
  m_PrefabAsset: {fileID: 0}
  m_GameObject: {fileID: 173007562964264536}
  m_LocalRotation: {x: 0, y: -0, z: -0, w: 1}
  m_LocalPosition: {x: -0, y: 0, z: 0}
  m_LocalScale: {x: 1, y: 1, z: 1}
  m_Children: []
  m_Father: {fileID: 4797970129068583538}
  m_RootOrder: 0
  m_LocalEulerAnglesHint: {x: 0, y: 0, z: 0}
--- !u!137 &7994918728798845706
SkinnedMeshRenderer:
  m_ObjectHideFlags: 0
  m_CorrespondingSourceObject: {fileID: 0}
  m_PrefabInstance: {fileID: 0}
  m_PrefabAsset: {fileID: 0}
  m_GameObject: {fileID: 173007562964264536}
  m_Enabled: 1
  m_CastShadows: 1
  m_ReceiveShadows: 1
  m_DynamicOccludee: 1
  m_MotionVectors: 1
  m_LightProbeUsage: 1
  m_ReflectionProbeUsage: 1
  m_RayTracingMode: 0
  m_RenderingLayerMask: 1
  m_RendererPriority: 0
  m_Materials:
  - {fileID: 2100000, guid: 0aa851515cd3747d6b3b3e461199a2ed, type: 2}
  m_StaticBatchInfo:
    firstSubMesh: 0
    subMeshCount: 0
  m_StaticBatchRoot: {fileID: 0}
  m_ProbeAnchor: {fileID: 0}
  m_LightProbeVolumeOverride: {fileID: 0}
  m_ScaleInLightmap: 1
  m_ReceiveGI: 1
  m_PreserveUVs: 0
  m_IgnoreNormalsForChartDetection: 0
  m_ImportantGI: 0
  m_StitchLightmapSeams: 1
  m_SelectedEditorRenderState: 3
  m_MinimumChartSize: 4
  m_AutoUVMaxDistance: 0.5
  m_AutoUVMaxAngle: 89
  m_LightmapParameters: {fileID: 0}
  m_SortingLayerID: 0
  m_SortingLayer: 0
  m_SortingOrder: 0
  serializedVersion: 2
  m_Quality: 0
  m_UpdateWhenOffscreen: 0
  m_SkinnedMotionVectors: 1
  m_Mesh: {fileID: 4300000, guid: 320b1c2af77554f99a1658df4a6d3d5c, type: 3}
  m_Bones:
  - {fileID: 3605146070022252407}
  - {fileID: 8148705993459094407}
  - {fileID: 1179447815534015183}
  - {fileID: 1426441832657216341}
  - {fileID: 6072798246392248726}
  - {fileID: 6432801900853378792}
  - {fileID: 1976451574489828250}
  - {fileID: 2908958393128010531}
  - {fileID: 1817976214037464168}
  - {fileID: 8967934528611327633}
  - {fileID: 8193132088211016429}
  - {fileID: 3316983991434269646}
  - {fileID: 2303980373481650642}
  - {fileID: 8202085963912210946}
  - {fileID: 7520991310922457036}
  - {fileID: 1331549909748696519}
  - {fileID: 2358062765561095562}
  - {fileID: 7137591653247687387}
  - {fileID: 8060306183690056974}
  - {fileID: 178751472967951588}
  - {fileID: 1068221262739284387}
  - {fileID: 6814686958422892829}
  - {fileID: 3919500310800366629}
  - {fileID: 3762017403466826633}
  - {fileID: 1151240972061650026}
  - {fileID: 5590476185091205595}
  - {fileID: 1199317961665374546}
  - {fileID: 6787789085920560458}
  - {fileID: 105881705335778653}
  - {fileID: 5308798928233155991}
  - {fileID: 1166144730249263802}
  - {fileID: 4841459955478482646}
  - {fileID: 7646996769730476538}
  - {fileID: 8765325303526634637}
  - {fileID: 1922158542001620380}
  - {fileID: 8417137053562893565}
  - {fileID: 7837414139185357763}
  - {fileID: 7507066886536975871}
  - {fileID: 689236240520130325}
  - {fileID: 3180085900083675661}
  - {fileID: 6997156765224029687}
  - {fileID: 8555160325791232087}
  - {fileID: 930520889419260099}
  - {fileID: 8455296528971921022}
  - {fileID: 8598825828863738615}
  - {fileID: 1565284507173869127}
  - {fileID: 1263702013282472761}
  - {fileID: 3707636475693535488}
  m_BlendShapeWeights: []
  m_RootBone: {fileID: 3605146070022252407}
  m_AABB:
    m_Center: {x: 0.27024603, y: -0.041899905, z: -0.000000059604645}
    m_Extent: {x: 0.95254505, y: 0.23127724, z: 0.6514181}
  m_DirtyAABB: 0
--- !u!1 &246312447017838525
GameObject:
  m_ObjectHideFlags: 0
  m_CorrespondingSourceObject: {fileID: 0}
  m_PrefabInstance: {fileID: 0}
  m_PrefabAsset: {fileID: 0}
  serializedVersion: 6
  m_Component:
  - component: {fileID: 1068221262739284387}
  m_Layer: 9
  m_Name: Left_Thumb_Joint_01b
  m_TagString: Untagged
  m_Icon: {fileID: 0}
  m_NavMeshLayer: 0
  m_StaticEditorFlags: 0
  m_IsActive: 1
--- !u!4 &1068221262739284387
Transform:
  m_ObjectHideFlags: 0
  m_CorrespondingSourceObject: {fileID: 0}
  m_PrefabInstance: {fileID: 0}
  m_PrefabAsset: {fileID: 0}
  m_GameObject: {fileID: 246312447017838525}
  m_LocalRotation: {x: -0.42036253, y: -0.37180415, z: 0.08352769, w: 0.8234563}
  m_LocalPosition: {x: -0.028778248, y: -0.0016480584, z: -0.002403863}
  m_LocalScale: {x: 1, y: 1, z: 1}
  m_Children: []
  m_Father: {fileID: 178751472967951588}
  m_RootOrder: 0
  m_LocalEulerAnglesHint: {x: 0, y: 0, z: 0}
--- !u!1 &540219575300697309
GameObject:
  m_ObjectHideFlags: 0
  m_CorrespondingSourceObject: {fileID: 0}
  m_PrefabInstance: {fileID: 0}
  m_PrefabAsset: {fileID: 0}
  serializedVersion: 6
  m_Component:
  - component: {fileID: 6432801900853378792}
  m_Layer: 9
  m_Name: Left_Forearm_Joint_01
  m_TagString: Untagged
  m_Icon: {fileID: 0}
  m_NavMeshLayer: 0
  m_StaticEditorFlags: 0
  m_IsActive: 1
--- !u!4 &6432801900853378792
Transform:
  m_ObjectHideFlags: 0
  m_CorrespondingSourceObject: {fileID: 0}
  m_PrefabInstance: {fileID: 0}
  m_PrefabAsset: {fileID: 0}
  m_GameObject: {fileID: 540219575300697309}
  m_LocalRotation: {x: -0.05499202, y: 0.10791634, z: -0.45085245, w: 0.88434273}
  m_LocalPosition: {x: -0.2383711, y: 0.03532467, z: -0.0012605645}
  m_LocalScale: {x: 1, y: 1, z: 1}
  m_Children:
  - {fileID: 1976451574489828250}
  m_Father: {fileID: 6072798246392248726}
  m_RootOrder: 0
  m_LocalEulerAnglesHint: {x: 0, y: 0, z: 0}
--- !u!1 &589509845138043396
GameObject:
  m_ObjectHideFlags: 0
  m_CorrespondingSourceObject: {fileID: 0}
  m_PrefabInstance: {fileID: 0}
  m_PrefabAsset: {fileID: 0}
  serializedVersion: 6
  m_Component:
  - component: {fileID: 3180085900083675661}
  m_Layer: 9
  m_Name: Hip
  m_TagString: Untagged
  m_Icon: {fileID: 0}
  m_NavMeshLayer: 0
  m_StaticEditorFlags: 0
  m_IsActive: 1
--- !u!4 &3180085900083675661
Transform:
  m_ObjectHideFlags: 0
  m_CorrespondingSourceObject: {fileID: 0}
  m_PrefabInstance: {fileID: 0}
  m_PrefabAsset: {fileID: 0}
  m_GameObject: {fileID: 589509845138043396}
  m_LocalRotation: {x: 0.037740186, y: 0.9992876, z: 5.5119633e-17, w: 1.6300862e-16}
  m_LocalPosition: {x: 0.028992068, y: -0.0025938721, z: 1.22991095e-17}
  m_LocalScale: {x: 1, y: 1, z: 1}
  m_Children:
  - {fileID: 6997156765224029687}
  - {fileID: 8598825828863738615}
  m_Father: {fileID: 7735391063667175186}
  m_RootOrder: 0
  m_LocalEulerAnglesHint: {x: 0, y: 0, z: 0}
--- !u!1 &603963031731102175
GameObject:
  m_ObjectHideFlags: 0
  m_CorrespondingSourceObject: {fileID: 0}
  m_PrefabInstance: {fileID: 0}
  m_PrefabAsset: {fileID: 0}
  serializedVersion: 6
  m_Component:
  - component: {fileID: 7735391063667175186}
  m_Layer: 9
  m_Name: Root
  m_TagString: Untagged
  m_Icon: {fileID: 0}
  m_NavMeshLayer: 0
  m_StaticEditorFlags: 0
  m_IsActive: 1
--- !u!4 &7735391063667175186
Transform:
  m_ObjectHideFlags: 0
  m_CorrespondingSourceObject: {fileID: 0}
  m_PrefabInstance: {fileID: 0}
  m_PrefabAsset: {fileID: 0}
  m_GameObject: {fileID: 603963031731102175}
  m_LocalRotation: {x: 0.47294456, y: -0.52566475, z: -0.47294456, w: 0.52566475}
  m_LocalPosition: {x: -2.1878564e-33, y: 1.0628308, z: 0.035129853}
  m_LocalScale: {x: 1, y: 1, z: 1}
  m_Children:
  - {fileID: 3180085900083675661}
  - {fileID: 3605146070022252407}
  m_Father: {fileID: 4797970129068583538}
  m_RootOrder: 1
  m_LocalEulerAnglesHint: {x: 0, y: 0, z: 0}
--- !u!1 &612884911794022411
GameObject:
  m_ObjectHideFlags: 0
  m_CorrespondingSourceObject: {fileID: 0}
  m_PrefabInstance: {fileID: 0}
  m_PrefabAsset: {fileID: 0}
  serializedVersion: 6
  m_Component:
  - component: {fileID: 3762017403466826633}
  m_Layer: 9
  m_Name: Right_Forearm_Joint_01
  m_TagString: Untagged
  m_Icon: {fileID: 0}
  m_NavMeshLayer: 0
  m_StaticEditorFlags: 0
  m_IsActive: 1
--- !u!4 &3762017403466826633
Transform:
  m_ObjectHideFlags: 0
  m_CorrespondingSourceObject: {fileID: 0}
  m_PrefabInstance: {fileID: 0}
  m_PrefabAsset: {fileID: 0}
  m_GameObject: {fileID: 612884911794022411}
  m_LocalRotation: {x: 0.7767065, y: 0.18686023, z: -0.025670227, w: 0.60095865}
  m_LocalPosition: {x: 0.24062023, y: 0.0051437393, z: -0.012117967}
  m_LocalScale: {x: 1, y: 1, z: 1}
  m_Children:
  - {fileID: 1151240972061650026}
  m_Father: {fileID: 3919500310800366629}
  m_RootOrder: 0
  m_LocalEulerAnglesHint: {x: 0, y: 0, z: 0}
--- !u!1 &853858165790468681
GameObject:
  m_ObjectHideFlags: 0
  m_CorrespondingSourceObject: {fileID: 0}
  m_PrefabInstance: {fileID: 0}
  m_PrefabAsset: {fileID: 0}
  serializedVersion: 6
  m_Component:
  - component: {fileID: 3316983991434269646}
  m_Layer: 9
  m_Name: Left_Middle_Finger_Joint_01b
  m_TagString: Untagged
  m_Icon: {fileID: 0}
  m_NavMeshLayer: 0
  m_StaticEditorFlags: 0
  m_IsActive: 1
--- !u!4 &3316983991434269646
Transform:
  m_ObjectHideFlags: 0
  m_CorrespondingSourceObject: {fileID: 0}
  m_PrefabInstance: {fileID: 0}
  m_PrefabAsset: {fileID: 0}
  m_GameObject: {fileID: 853858165790468681}
  m_LocalRotation: {x: 0.00064981356, y: 0.00044095775, z: 0.010304518, w: 0.9999466}
  m_LocalPosition: {x: -0.044052828, y: 2.220446e-18, z: 1.3147821e-18}
  m_LocalScale: {x: 1, y: 1, z: 1}
  m_Children:
  - {fileID: 2303980373481650642}
  m_Father: {fileID: 8193132088211016429}
  m_RootOrder: 0
  m_LocalEulerAnglesHint: {x: 0, y: 0, z: 0}
--- !u!1 &1275185573101309637
GameObject:
  m_ObjectHideFlags: 0
  m_CorrespondingSourceObject: {fileID: 0}
  m_PrefabInstance: {fileID: 0}
  m_PrefabAsset: {fileID: 0}
  serializedVersion: 6
  m_Component:
  - component: {fileID: 6072798246392248726}
  m_Layer: 9
  m_Name: Left_Upper_Arm_Joint_01
  m_TagString: Untagged
  m_Icon: {fileID: 0}
  m_NavMeshLayer: 0
  m_StaticEditorFlags: 0
  m_IsActive: 1
--- !u!4 &6072798246392248726
Transform:
  m_ObjectHideFlags: 0
  m_CorrespondingSourceObject: {fileID: 0}
  m_PrefabInstance: {fileID: 0}
  m_PrefabAsset: {fileID: 0}
  m_GameObject: {fileID: 1275185573101309637}
  m_LocalRotation: {x: 0.114033155, y: 0.00978106, z: 0.4396459, w: 0.89084923}
  m_LocalPosition: {x: -0.06358527, y: 0, z: -3.1086245e-17}
  m_LocalScale: {x: 1, y: 1, z: 1}
  m_Children:
  - {fileID: 6432801900853378792}
  m_Father: {fileID: 1426441832657216341}
  m_RootOrder: 0
  m_LocalEulerAnglesHint: {x: 0, y: 0, z: 0}
--- !u!1 &1370818721300875322
GameObject:
  m_ObjectHideFlags: 0
  m_CorrespondingSourceObject: {fileID: 0}
  m_PrefabInstance: {fileID: 0}
  m_PrefabAsset: {fileID: 0}
  serializedVersion: 6
  m_Component:
  - component: {fileID: 8202085963912210946}
  m_Layer: 9
  m_Name: Left_Ring_Finger_Joint_01a
  m_TagString: Untagged
  m_Icon: {fileID: 0}
  m_NavMeshLayer: 0
  m_StaticEditorFlags: 0
  m_IsActive: 1
--- !u!4 &8202085963912210946
Transform:
  m_ObjectHideFlags: 0
  m_CorrespondingSourceObject: {fileID: 0}
  m_PrefabInstance: {fileID: 0}
  m_PrefabAsset: {fileID: 0}
  m_GameObject: {fileID: 1370818721300875322}
  m_LocalRotation: {x: 0.010312854, y: -0.00012740763, z: 0.012352655, w: 0.99987054}
  m_LocalPosition: {x: -0.072257206, y: 0.012475326, z: -0.014861824}
  m_LocalScale: {x: 1, y: 1, z: 1}
  m_Children:
  - {fileID: 7520991310922457036}
  m_Father: {fileID: 1976451574489828250}
  m_RootOrder: 3
  m_LocalEulerAnglesHint: {x: 0, y: 0, z: 0}
--- !u!1 &1462588963582582721
GameObject:
  m_ObjectHideFlags: 0
  m_CorrespondingSourceObject: {fileID: 0}
  m_PrefabInstance: {fileID: 0}
  m_PrefabAsset: {fileID: 0}
  serializedVersion: 6
  m_Component:
  - component: {fileID: 1166144730249263802}
  m_Layer: 9
  m_Name: Right_Middle_Finger_Joint_01c
  m_TagString: Untagged
  m_Icon: {fileID: 0}
  m_NavMeshLayer: 0
  m_StaticEditorFlags: 0
  m_IsActive: 1
--- !u!4 &1166144730249263802
Transform:
  m_ObjectHideFlags: 0
  m_CorrespondingSourceObject: {fileID: 0}
  m_PrefabInstance: {fileID: 0}
  m_PrefabAsset: {fileID: 0}
  m_GameObject: {fileID: 1462588963582582721}
  m_LocalRotation: {x: -0.010956354, y: -0.00023076385, z: -0.021056168, w: 0.99971825}
  m_LocalPosition: {x: 0.024932733, y: -0.00000037860835, z: 0.000000067108736}
  m_LocalScale: {x: 1, y: 1, z: 1}
  m_Children: []
  m_Father: {fileID: 5308798928233155991}
  m_RootOrder: 0
  m_LocalEulerAnglesHint: {x: 0, y: 0, z: 0}
--- !u!1 &1586279680361450457
GameObject:
  m_ObjectHideFlags: 0
  m_CorrespondingSourceObject: {fileID: 0}
  m_PrefabInstance: {fileID: 0}
  m_PrefabAsset: {fileID: 0}
  serializedVersion: 6
  m_Component:
  - component: {fileID: 3707636475693535488}
  m_Layer: 9
  m_Name: Right_Toe_Joint_01
  m_TagString: Untagged
  m_Icon: {fileID: 0}
  m_NavMeshLayer: 0
  m_StaticEditorFlags: 0
  m_IsActive: 1
--- !u!4 &3707636475693535488
Transform:
  m_ObjectHideFlags: 0
  m_CorrespondingSourceObject: {fileID: 0}
  m_PrefabInstance: {fileID: 0}
  m_PrefabAsset: {fileID: 0}
  m_GameObject: {fileID: 1586279680361450457}
  m_LocalRotation: {x: 0.000000012219929, y: -0.000000004148106, z: -0.3214394, w: 0.94693017}
  m_LocalPosition: {x: 0.13787201, y: 0.00000006441087, z: -3.5527136e-17}
  m_LocalScale: {x: 1, y: 1, z: 1}
  m_Children: []
  m_Father: {fileID: 1263702013282472761}
  m_RootOrder: 0
  m_LocalEulerAnglesHint: {x: 0, y: 0, z: 0}
--- !u!1 &1766974387734311721
GameObject:
  m_ObjectHideFlags: 0
  m_CorrespondingSourceObject: {fileID: 0}
  m_PrefabInstance: {fileID: 0}
  m_PrefabAsset: {fileID: 0}
  serializedVersion: 6
  m_Component:
  - component: {fileID: 7507066886536975871}
  m_Layer: 9
  m_Name: Right_Thumb_Joint_01a
  m_TagString: Untagged
  m_Icon: {fileID: 0}
  m_NavMeshLayer: 0
  m_StaticEditorFlags: 0
  m_IsActive: 1
--- !u!4 &7507066886536975871
Transform:
  m_ObjectHideFlags: 0
  m_CorrespondingSourceObject: {fileID: 0}
  m_PrefabInstance: {fileID: 0}
  m_PrefabAsset: {fileID: 0}
  m_GameObject: {fileID: 1766974387734311721}
  m_LocalRotation: {x: 0.4233163, y: 0.3750433, z: -0.09540078, w: 0.8191731}
  m_LocalPosition: {x: 0.046120938, y: 0.0039559877, z: -0.04782508}
  m_LocalScale: {x: 1, y: 1, z: 1}
  m_Children:
  - {fileID: 689236240520130325}
  m_Father: {fileID: 1151240972061650026}
  m_RootOrder: 4
  m_LocalEulerAnglesHint: {x: 0, y: 0, z: 0}
--- !u!1 &1907306315389735723
GameObject:
  m_ObjectHideFlags: 0
  m_CorrespondingSourceObject: {fileID: 0}
  m_PrefabInstance: {fileID: 0}
  m_PrefabAsset: {fileID: 0}
  serializedVersion: 6
  m_Component:
  - component: {fileID: 8765325303526634637}
  m_Layer: 9
  m_Name: Right_Ring_Finger_Joint_01c
  m_TagString: Untagged
  m_Icon: {fileID: 0}
  m_NavMeshLayer: 0
  m_StaticEditorFlags: 0
  m_IsActive: 1
--- !u!4 &8765325303526634637
Transform:
  m_ObjectHideFlags: 0
  m_CorrespondingSourceObject: {fileID: 0}
  m_PrefabInstance: {fileID: 0}
  m_PrefabAsset: {fileID: 0}
  m_GameObject: {fileID: 1907306315389735723}
  m_LocalRotation: {x: -0.011060424, y: -0.000267697, z: -0.024194574, w: 0.99964607}
  m_LocalPosition: {x: 0.02170031, y: 0.00000020217867, z: -0.00000009377064}
  m_LocalScale: {x: 1, y: 1, z: 1}
  m_Children: []
  m_Father: {fileID: 7646996769730476538}
  m_RootOrder: 0
  m_LocalEulerAnglesHint: {x: 0, y: 0, z: 0}
--- !u!1 &2491417672520902187
GameObject:
  m_ObjectHideFlags: 0
  m_CorrespondingSourceObject: {fileID: 0}
  m_PrefabInstance: {fileID: 0}
  m_PrefabAsset: {fileID: 0}
  serializedVersion: 6
  m_Component:
  - component: {fileID: 8193132088211016429}
  m_Layer: 9
  m_Name: Left_Middle_Finger_Joint_01a
  m_TagString: Untagged
  m_Icon: {fileID: 0}
  m_NavMeshLayer: 0
  m_StaticEditorFlags: 0
  m_IsActive: 1
--- !u!4 &8193132088211016429
Transform:
  m_ObjectHideFlags: 0
  m_CorrespondingSourceObject: {fileID: 0}
  m_PrefabInstance: {fileID: 0}
  m_PrefabAsset: {fileID: 0}
  m_GameObject: {fileID: 2491417672520902187}
  m_LocalRotation: {x: 0.010313046, y: -0.00011086465, z: 0.0107487505, w: 0.9998891}
  m_LocalPosition: {x: -0.071809866, y: 0.012475326, z: 0.005054819}
  m_LocalScale: {x: 1, y: 1, z: 1}
  m_Children:
  - {fileID: 3316983991434269646}
  m_Father: {fileID: 1976451574489828250}
  m_RootOrder: 1
  m_LocalEulerAnglesHint: {x: 0, y: 0, z: 0}
--- !u!1 &2864375328317719674
GameObject:
  m_ObjectHideFlags: 0
  m_CorrespondingSourceObject: {fileID: 0}
  m_PrefabInstance: {fileID: 0}
  m_PrefabAsset: {fileID: 0}
  serializedVersion: 6
  m_Component:
  - component: {fileID: 2908958393128010531}
  m_Layer: 9
  m_Name: Left_Index_Finger_Joint_01a
  m_TagString: Untagged
  m_Icon: {fileID: 0}
  m_NavMeshLayer: 0
  m_StaticEditorFlags: 0
  m_IsActive: 1
--- !u!4 &2908958393128010531
Transform:
  m_ObjectHideFlags: 0
  m_CorrespondingSourceObject: {fileID: 0}
  m_PrefabInstance: {fileID: 0}
  m_PrefabAsset: {fileID: 0}
  m_GameObject: {fileID: 2864375328317719674}
  m_LocalRotation: {x: 0.010312937, y: -0.00012049041, z: 0.011682004, w: 0.9998786}
  m_LocalPosition: {x: -0.07013222, y: 0.012475326, z: 0.025505245}
  m_LocalScale: {x: 1, y: 1, z: 1}
  m_Children:
  - {fileID: 1817976214037464168}
  m_Father: {fileID: 1976451574489828250}
  m_RootOrder: 0
  m_LocalEulerAnglesHint: {x: 0, y: 0, z: 0}
--- !u!1 &3113618574511454046
GameObject:
  m_ObjectHideFlags: 0
  m_CorrespondingSourceObject: {fileID: 0}
  m_PrefabInstance: {fileID: 0}
  m_PrefabAsset: {fileID: 0}
  serializedVersion: 6
  m_Component:
  - component: {fileID: 4841459955478482646}
  m_Layer: 9
  m_Name: Right_Ring_Finger_Joint_01a
  m_TagString: Untagged
  m_Icon: {fileID: 0}
  m_NavMeshLayer: 0
  m_StaticEditorFlags: 0
  m_IsActive: 1
--- !u!4 &4841459955478482646
Transform:
  m_ObjectHideFlags: 0
  m_CorrespondingSourceObject: {fileID: 0}
  m_PrefabInstance: {fileID: 0}
  m_PrefabAsset: {fileID: 0}
  m_GameObject: {fileID: 3113618574511454046}
  m_LocalRotation: {x: 0.01051078, y: 0.008772642, z: 0.0023886247, w: 0.99990344}
  m_LocalPosition: {x: 0.07225248, y: -0.0139042325, z: 0.013558211}
  m_LocalScale: {x: 1, y: 1, z: 1}
  m_Children:
  - {fileID: 7646996769730476538}
  m_Father: {fileID: 1151240972061650026}
  m_RootOrder: 3
  m_LocalEulerAnglesHint: {x: 0, y: 0, z: 0}
--- !u!1 &3116038026254627343
GameObject:
  m_ObjectHideFlags: 0
  m_CorrespondingSourceObject: {fileID: 0}
  m_PrefabInstance: {fileID: 0}
  m_PrefabAsset: {fileID: 0}
  serializedVersion: 6
  m_Component:
  - component: {fileID: 1565284507173869127}
  m_Layer: 9
  m_Name: Right_Knee_Joint_01
  m_TagString: Untagged
  m_Icon: {fileID: 0}
  m_NavMeshLayer: 0
  m_StaticEditorFlags: 0
  m_IsActive: 1
--- !u!4 &1565284507173869127
Transform:
  m_ObjectHideFlags: 0
  m_CorrespondingSourceObject: {fileID: 0}
  m_PrefabInstance: {fileID: 0}
  m_PrefabAsset: {fileID: 0}
  m_GameObject: {fileID: 3116038026254627343}
  m_LocalRotation: {x: 0, y: -0, z: -0.018812645, w: 0.99982303}
  m_LocalPosition: {x: 0.3717341, y: -0.001996706, z: 0.073036395}
  m_LocalScale: {x: 1, y: 1, z: 1}
  m_Children:
  - {fileID: 1263702013282472761}
  m_Father: {fileID: 8598825828863738615}
  m_RootOrder: 0
  m_LocalEulerAnglesHint: {x: 0, y: 0, z: 0}
--- !u!1 &3328743487476021815
GameObject:
  m_ObjectHideFlags: 0
  m_CorrespondingSourceObject: {fileID: 0}
  m_PrefabInstance: {fileID: 0}
  m_PrefabAsset: {fileID: 0}
  serializedVersion: 6
  m_Component:
  - component: {fileID: 1263702013282472761}
  m_Layer: 9
  m_Name: Right_Ankle_Joint_01
  m_TagString: Untagged
  m_Icon: {fileID: 0}
  m_NavMeshLayer: 0
  m_StaticEditorFlags: 0
  m_IsActive: 1
--- !u!4 &1263702013282472761
Transform:
  m_ObjectHideFlags: 0
  m_CorrespondingSourceObject: {fileID: 0}
  m_PrefabInstance: {fileID: 0}
  m_PrefabAsset: {fileID: 0}
  m_GameObject: {fileID: 3328743487476021815}
  m_LocalRotation: {x: 0, y: -0, z: -0.49436495, w: 0.86925447}
  m_LocalPosition: {x: 0.43404976, y: 0.00000007899868, z: -1.7763568e-17}
  m_LocalScale: {x: 1, y: 1, z: 1}
  m_Children:
  - {fileID: 3707636475693535488}
  m_Father: {fileID: 1565284507173869127}
  m_RootOrder: 0
  m_LocalEulerAnglesHint: {x: 0, y: 0, z: 0}
--- !u!1 &3386627399908078837
GameObject:
  m_ObjectHideFlags: 0
  m_CorrespondingSourceObject: {fileID: 0}
  m_PrefabInstance: {fileID: 0}
  m_PrefabAsset: {fileID: 0}
  serializedVersion: 6
  m_Component:
  - component: {fileID: 689236240520130325}
  m_Layer: 9
  m_Name: Right_Thumb_Joint_01b
  m_TagString: Untagged
  m_Icon: {fileID: 0}
  m_NavMeshLayer: 0
  m_StaticEditorFlags: 0
  m_IsActive: 1
--- !u!4 &689236240520130325
Transform:
  m_ObjectHideFlags: 0
  m_CorrespondingSourceObject: {fileID: 0}
  m_PrefabInstance: {fileID: 0}
  m_PrefabAsset: {fileID: 0}
  m_GameObject: {fileID: 3386627399908078837}
  m_LocalRotation: {x: 0.12274438, y: -0.08501493, z: 0.3184496, w: 0.9361069}
  m_LocalPosition: {x: 0.028778402, y: 0.0016480286, z: 0.0024040877}
  m_LocalScale: {x: 1, y: 1, z: 1}
  m_Children: []
  m_Father: {fileID: 7507066886536975871}
  m_RootOrder: 0
  m_LocalEulerAnglesHint: {x: 0, y: 0, z: 0}
--- !u!1 &3416818925627546856
GameObject:
  m_ObjectHideFlags: 0
  m_CorrespondingSourceObject: {fileID: 0}
  m_PrefabInstance: {fileID: 0}
  m_PrefabAsset: {fileID: 0}
  serializedVersion: 6
  m_Component:
  - component: {fileID: 8060306183690056974}
  m_Layer: 9
  m_Name: Left_Pinky_Finger_Joint_01c
  m_TagString: Untagged
  m_Icon: {fileID: 0}
  m_NavMeshLayer: 0
  m_StaticEditorFlags: 0
  m_IsActive: 1
--- !u!4 &8060306183690056974
Transform:
  m_ObjectHideFlags: 0
  m_CorrespondingSourceObject: {fileID: 0}
  m_PrefabInstance: {fileID: 0}
  m_PrefabAsset: {fileID: 0}
  m_GameObject: {fileID: 3416818925627546856}
  m_LocalRotation: {x: -0.011272594, y: -0.00034267167, z: -0.030382684, w: 0.9994747}
  m_LocalPosition: {x: -0.017283713, y: -3.8666223e-16, z: 1.5274239e-17}
  m_LocalScale: {x: 1, y: 1, z: 1}
  m_Children: []
  m_Father: {fileID: 7137591653247687387}
  m_RootOrder: 0
  m_LocalEulerAnglesHint: {x: 0, y: 0, z: 0}
--- !u!1 &3856581976012410756
GameObject:
  m_ObjectHideFlags: 0
  m_CorrespondingSourceObject: {fileID: 0}
  m_PrefabInstance: {fileID: 0}
  m_PrefabAsset: {fileID: 0}
  serializedVersion: 6
  m_Component:
  - component: {fileID: 6997156765224029687}
  m_Layer: 9
  m_Name: Left_Thigh_Joint_01
  m_TagString: Untagged
  m_Icon: {fileID: 0}
  m_NavMeshLayer: 0
  m_StaticEditorFlags: 0
  m_IsActive: 1
--- !u!4 &6997156765224029687
Transform:
  m_ObjectHideFlags: 0
  m_CorrespondingSourceObject: {fileID: 0}
  m_PrefabInstance: {fileID: 0}
  m_PrefabAsset: {fileID: 0}
  m_GameObject: {fileID: 3856581976012410756}
  m_LocalRotation: {x: 0.9957005, y: 0.09263137, z: 6.7376925e-17, w: 7.2423885e-16}
  m_LocalPosition: {x: -0.12213361, y: 0.011331997, z: -0.068905555}
  m_LocalScale: {x: 1, y: 1, z: 1}
  m_Children:
  - {fileID: 8555160325791232087}
  m_Father: {fileID: 3180085900083675661}
  m_RootOrder: 0
  m_LocalEulerAnglesHint: {x: 0, y: 0, z: 0}
--- !u!1 &4683269286636325984
GameObject:
  m_ObjectHideFlags: 0
  m_CorrespondingSourceObject: {fileID: 0}
  m_PrefabInstance: {fileID: 0}
  m_PrefabAsset: {fileID: 0}
  serializedVersion: 6
  m_Component:
  - component: {fileID: 1426441832657216341}
  m_Layer: 9
  m_Name: Left_Shoulder_Joint_01
  m_TagString: Untagged
  m_Icon: {fileID: 0}
  m_NavMeshLayer: 0
  m_StaticEditorFlags: 0
  m_IsActive: 1
--- !u!4 &1426441832657216341
Transform:
  m_ObjectHideFlags: 0
  m_CorrespondingSourceObject: {fileID: 0}
  m_PrefabInstance: {fileID: 0}
  m_PrefabAsset: {fileID: 0}
  m_GameObject: {fileID: 4683269286636325984}
  m_LocalRotation: {x: -0.41058227, y: 0.44783446, z: 0.53675634, w: 0.5854563}
  m_LocalPosition: {x: -0.24796544, y: -0.018968333, z: 0.13130726}
  m_LocalScale: {x: 1, y: 1, z: 1}
  m_Children:
  - {fileID: 6072798246392248726}
  m_Father: {fileID: 3605146070022252407}
  m_RootOrder: 0
  m_LocalEulerAnglesHint: {x: 0, y: 0, z: 0}
--- !u!1 &4694267933719403384
GameObject:
  m_ObjectHideFlags: 0
  m_CorrespondingSourceObject: {fileID: 0}
  m_PrefabInstance: {fileID: 0}
  m_PrefabAsset: {fileID: 0}
  serializedVersion: 6
  m_Component:
  - component: {fileID: 3919500310800366629}
  m_Layer: 9
  m_Name: Right_Upper_Arm_Joint_01
  m_TagString: Untagged
  m_Icon: {fileID: 0}
  m_NavMeshLayer: 0
  m_StaticEditorFlags: 0
  m_IsActive: 1
--- !u!4 &3919500310800366629
Transform:
  m_ObjectHideFlags: 0
  m_CorrespondingSourceObject: {fileID: 0}
  m_PrefabInstance: {fileID: 0}
  m_PrefabAsset: {fileID: 0}
  m_GameObject: {fileID: 4694267933719403384}
  m_LocalRotation: {x: -0.0008169309, y: -0.05782889, z: 0.36165696, w: 0.93051565}
  m_LocalPosition: {x: 0.063585564, y: 2.842171e-16, z: -0.000000039259945}
  m_LocalScale: {x: 1, y: 1, z: 1}
  m_Children:
  - {fileID: 3762017403466826633}
  m_Father: {fileID: 6814686958422892829}
  m_RootOrder: 0
  m_LocalEulerAnglesHint: {x: 0, y: 0, z: 0}
--- !u!1 &4941517128032915789
GameObject:
  m_ObjectHideFlags: 0
  m_CorrespondingSourceObject: {fileID: 0}
  m_PrefabInstance: {fileID: 0}
  m_PrefabAsset: {fileID: 0}
  serializedVersion: 6
  m_Component:
  - component: {fileID: 1199317961665374546}
  m_Layer: 9
  m_Name: Right_Index_Finger_Joint_01b
  m_TagString: Untagged
  m_Icon: {fileID: 0}
  m_NavMeshLayer: 0
  m_StaticEditorFlags: 0
  m_IsActive: 1
--- !u!4 &1199317961665374546
Transform:
  m_ObjectHideFlags: 0
  m_CorrespondingSourceObject: {fileID: 0}
  m_PrefabInstance: {fileID: 0}
  m_PrefabAsset: {fileID: 0}
  m_GameObject: {fileID: 4941517128032915789}
  m_LocalRotation: {x: 0.0007113588, y: 0.0004798609, z: 0.011196686, w: 0.999937}
  m_LocalPosition: {x: 0.04053422, y: -0.0000009354332, z: 0.000000022560922}
  m_LocalScale: {x: 1, y: 1, z: 1}
  m_Children:
  - {fileID: 6787789085920560458}
  m_Father: {fileID: 5590476185091205595}
  m_RootOrder: 0
  m_LocalEulerAnglesHint: {x: 0, y: 0, z: 0}
--- !u!1 &5161658251012589890
GameObject:
  m_ObjectHideFlags: 0
  m_CorrespondingSourceObject: {fileID: 0}
  m_PrefabInstance: {fileID: 0}
  m_PrefabAsset: {fileID: 0}
  serializedVersion: 6
  m_Component:
  - component: {fileID: 7837414139185357763}
  m_Layer: 9
  m_Name: Right_Pinky_Finger_Joint_01c
  m_TagString: Untagged
  m_Icon: {fileID: 0}
  m_NavMeshLayer: 0
  m_StaticEditorFlags: 0
  m_IsActive: 1
--- !u!4 &7837414139185357763
Transform:
  m_ObjectHideFlags: 0
  m_CorrespondingSourceObject: {fileID: 0}
  m_PrefabInstance: {fileID: 0}
  m_PrefabAsset: {fileID: 0}
  m_GameObject: {fileID: 5161658251012589890}
  m_LocalRotation: {x: -0.011272594, y: -0.00034267167, z: -0.030382684, w: 0.9994747}
  m_LocalPosition: {x: 0.017282948, y: -0.00000019535615, z: 0.000000014650439}
  m_LocalScale: {x: 1, y: 1, z: 1}
  m_Children: []
  m_Father: {fileID: 8417137053562893565}
  m_RootOrder: 0
  m_LocalEulerAnglesHint: {x: 0, y: 0, z: 0}
--- !u!1 &5569311894456723211
GameObject:
  m_ObjectHideFlags: 0
  m_CorrespondingSourceObject: {fileID: 0}
  m_PrefabInstance: {fileID: 0}
  m_PrefabAsset: {fileID: 0}
  serializedVersion: 6
  m_Component:
  - component: {fileID: 2303980373481650642}
  m_Layer: 9
  m_Name: Left_Middle_Finger_Joint_01c
  m_TagString: Untagged
  m_Icon: {fileID: 0}
  m_NavMeshLayer: 0
  m_StaticEditorFlags: 0
  m_IsActive: 1
--- !u!4 &2303980373481650642
Transform:
  m_ObjectHideFlags: 0
  m_CorrespondingSourceObject: {fileID: 0}
  m_PrefabInstance: {fileID: 0}
  m_PrefabAsset: {fileID: 0}
  m_GameObject: {fileID: 5569311894456723211}
  m_LocalRotation: {x: -0.010956354, y: -0.00023076385, z: -0.021056168, w: 0.99971825}
  m_LocalPosition: {x: -0.024933377, y: 1.4801235e-16, z: -4.9960034e-18}
  m_LocalScale: {x: 1, y: 1, z: 1}
  m_Children: []
  m_Father: {fileID: 3316983991434269646}
  m_RootOrder: 0
  m_LocalEulerAnglesHint: {x: 0, y: 0, z: 0}
--- !u!1 &5873570657276310257
GameObject:
  m_ObjectHideFlags: 0
  m_CorrespondingSourceObject: {fileID: 0}
  m_PrefabInstance: {fileID: 0}
  m_PrefabAsset: {fileID: 0}
  serializedVersion: 6
  m_Component:
  - component: {fileID: 8417137053562893565}
  m_Layer: 9
  m_Name: Right_Pinky_Finger_Joint_01b
  m_TagString: Untagged
  m_Icon: {fileID: 0}
  m_NavMeshLayer: 0
  m_StaticEditorFlags: 0
  m_IsActive: 1
--- !u!4 &8417137053562893565
Transform:
  m_ObjectHideFlags: 0
  m_CorrespondingSourceObject: {fileID: 0}
  m_PrefabInstance: {fileID: 0}
  m_PrefabAsset: {fileID: 0}
  m_GameObject: {fileID: 5873570657276310257}
  m_LocalRotation: {x: 0.0009738356, y: 0.00064097386, z: 0.014862133, w: 0.9998889}
  m_LocalPosition: {x: 0.030516144, y: -0.0000000478116, z: 0.000000060660284}
  m_LocalScale: {x: 1, y: 1, z: 1}
  m_Children:
  - {fileID: 7837414139185357763}
  m_Father: {fileID: 1922158542001620380}
  m_RootOrder: 0
  m_LocalEulerAnglesHint: {x: 0, y: 0, z: 0}
--- !u!1 &6239085003542212353
GameObject:
  m_ObjectHideFlags: 0
  m_CorrespondingSourceObject: {fileID: 0}
  m_PrefabInstance: {fileID: 0}
  m_PrefabAsset: {fileID: 0}
  serializedVersion: 6
  m_Component:
  - component: {fileID: 5308798928233155991}
  m_Layer: 9
  m_Name: Right_Middle_Finger_Joint_01b
  m_TagString: Untagged
  m_Icon: {fileID: 0}
  m_NavMeshLayer: 0
  m_StaticEditorFlags: 0
  m_IsActive: 1
--- !u!4 &5308798928233155991
Transform:
  m_ObjectHideFlags: 0
  m_CorrespondingSourceObject: {fileID: 0}
  m_PrefabInstance: {fileID: 0}
  m_PrefabAsset: {fileID: 0}
  m_GameObject: {fileID: 6239085003542212353}
  m_LocalRotation: {x: 0.00064981356, y: 0.00044095775, z: 0.010304518, w: 0.9999466}
  m_LocalPosition: {x: 0.044053018, y: 0.0000006337014, z: -0.000000019575731}
  m_LocalScale: {x: 1, y: 1, z: 1}
  m_Children:
  - {fileID: 1166144730249263802}
  m_Father: {fileID: 105881705335778653}
  m_RootOrder: 0
  m_LocalEulerAnglesHint: {x: 0, y: 0, z: 0}
--- !u!1 &6364117414701194381
GameObject:
  m_ObjectHideFlags: 0
  m_CorrespondingSourceObject: {fileID: 0}
  m_PrefabInstance: {fileID: 0}
  m_PrefabAsset: {fileID: 0}
  serializedVersion: 6
  m_Component:
  - component: {fileID: 8148705993459094407}
  m_Layer: 9
  m_Name: Neck
  m_TagString: Untagged
  m_Icon: {fileID: 0}
  m_NavMeshLayer: 0
  m_StaticEditorFlags: 0
  m_IsActive: 1
--- !u!4 &8148705993459094407
Transform:
  m_ObjectHideFlags: 0
  m_CorrespondingSourceObject: {fileID: 0}
  m_PrefabInstance: {fileID: 0}
  m_PrefabAsset: {fileID: 0}
  m_GameObject: {fileID: 6364117414701194381}
  m_LocalRotation: {x: 0, y: -0, z: -0.15122359, w: 0.9884996}
  m_LocalPosition: {x: -0.39539942, y: 1.2878587e-16, z: -8.9015506e-17}
  m_LocalScale: {x: 1, y: 1, z: 1}
  m_Children:
  - {fileID: 1179447815534015183}
  m_Father: {fileID: 3605146070022252407}
  m_RootOrder: 1
  m_LocalEulerAnglesHint: {x: 0, y: 0, z: 0}
--- !u!1 &6409800170928878153
GameObject:
  m_ObjectHideFlags: 0
  m_CorrespondingSourceObject: {fileID: 0}
  m_PrefabInstance: {fileID: 0}
  m_PrefabAsset: {fileID: 0}
  serializedVersion: 6
  m_Component:
  - component: {fileID: 6814686958422892829}
  m_Layer: 9
  m_Name: Right_Shoulder_Joint_01
  m_TagString: Untagged
  m_Icon: {fileID: 0}
  m_NavMeshLayer: 0
  m_StaticEditorFlags: 0
  m_IsActive: 1
--- !u!4 &6814686958422892829
Transform:
  m_ObjectHideFlags: 0
  m_CorrespondingSourceObject: {fileID: 0}
  m_PrefabInstance: {fileID: 0}
  m_PrefabAsset: {fileID: 0}
  m_GameObject: {fileID: 6409800170928878153}
  m_LocalRotation: {x: 0.44783446, y: 0.41058227, z: -0.5854563, w: 0.53675634}
  m_LocalPosition: {x: -0.24796993, y: -0.01896791, z: -0.13130699}
  m_LocalScale: {x: 1, y: 1, z: 1}
  m_Children:
  - {fileID: 3919500310800366629}
  m_Father: {fileID: 3605146070022252407}
  m_RootOrder: 2
  m_LocalEulerAnglesHint: {x: 0, y: 0, z: 0}
--- !u!1 &6410829978567188192
GameObject:
  m_ObjectHideFlags: 0
  m_CorrespondingSourceObject: {fileID: 0}
  m_PrefabInstance: {fileID: 0}
  m_PrefabAsset: {fileID: 0}
  serializedVersion: 6
  m_Component:
  - component: {fileID: 5590476185091205595}
  m_Layer: 9
  m_Name: Right_Index_Finger_Joint_01a
  m_TagString: Untagged
  m_Icon: {fileID: 0}
  m_NavMeshLayer: 0
  m_StaticEditorFlags: 0
  m_IsActive: 1
--- !u!4 &5590476185091205595
Transform:
  m_ObjectHideFlags: 0
  m_CorrespondingSourceObject: {fileID: 0}
  m_PrefabInstance: {fileID: 0}
  m_PrefabAsset: {fileID: 0}
  m_GameObject: {fileID: 6410829978567188192}
  m_LocalRotation: {x: 0.010504893, y: 0.00877969, z: 0.0017179537, w: 0.9999048}
  m_LocalPosition: {x: 0.06940201, y: -0.013847475, z: -0.026764035}
  m_LocalScale: {x: 1, y: 1, z: 1}
  m_Children:
  - {fileID: 1199317961665374546}
  m_Father: {fileID: 1151240972061650026}
  m_RootOrder: 0
  m_LocalEulerAnglesHint: {x: 0, y: 0, z: 0}
--- !u!1 &6578608237268356235
GameObject:
  m_ObjectHideFlags: 0
  m_CorrespondingSourceObject: {fileID: 0}
  m_PrefabInstance: {fileID: 0}
  m_PrefabAsset: {fileID: 0}
  serializedVersion: 6
  m_Component:
  - component: {fileID: 1151240972061650026}
  m_Layer: 9
  m_Name: Right_Wrist_Joint_01
  m_TagString: Untagged
  m_Icon: {fileID: 0}
  m_NavMeshLayer: 0
  m_StaticEditorFlags: 0
  m_IsActive: 1
--- !u!4 &1151240972061650026
Transform:
  m_ObjectHideFlags: 0
  m_CorrespondingSourceObject: {fileID: 0}
  m_PrefabInstance: {fileID: 0}
  m_PrefabAsset: {fileID: 0}
  m_GameObject: {fileID: 6578608237268356235}
  m_LocalRotation: {x: -0.7059572, y: -0.015687702, z: 0.0068027773, w: 0.70804816}
  m_LocalPosition: {x: 0.30588374, y: -0.03317292, z: 0.007066546}
  m_LocalScale: {x: 1, y: 1, z: 1}
  m_Children:
  - {fileID: 5590476185091205595}
  - {fileID: 105881705335778653}
  - {fileID: 1922158542001620380}
  - {fileID: 4841459955478482646}
  - {fileID: 7507066886536975871}
  m_Father: {fileID: 3762017403466826633}
  m_RootOrder: 0
  m_LocalEulerAnglesHint: {x: 0, y: 0, z: 0}
--- !u!1 &6618941713999108985
GameObject:
  m_ObjectHideFlags: 0
  m_CorrespondingSourceObject: {fileID: 0}
  m_PrefabInstance: {fileID: 0}
  m_PrefabAsset: {fileID: 0}
  serializedVersion: 6
  m_Component:
  - component: {fileID: 7646996769730476538}
  m_Layer: 9
  m_Name: Right_Ring_Finger_Joint_01b
  m_TagString: Untagged
  m_Icon: {fileID: 0}
  m_NavMeshLayer: 0
  m_StaticEditorFlags: 0
  m_IsActive: 1
--- !u!4 &7646996769730476538
Transform:
  m_ObjectHideFlags: 0
  m_CorrespondingSourceObject: {fileID: 0}
  m_PrefabInstance: {fileID: 0}
  m_PrefabAsset: {fileID: 0}
  m_GameObject: {fileID: 6618941713999108985}
  m_LocalRotation: {x: 0.0007561775, y: 0.00050791446, z: 0.011838988, w: 0.99992955}
  m_LocalPosition: {x: 0.03833457, y: -0.00000014894434, z: 0.000000029383655}
  m_LocalScale: {x: 1, y: 1, z: 1}
  m_Children:
  - {fileID: 8765325303526634637}
  m_Father: {fileID: 4841459955478482646}
  m_RootOrder: 0
  m_LocalEulerAnglesHint: {x: 0, y: 0, z: 0}
--- !u!1 &6859267917490379759
GameObject:
  m_ObjectHideFlags: 0
  m_CorrespondingSourceObject: {fileID: 0}
  m_PrefabInstance: {fileID: 0}
  m_PrefabAsset: {fileID: 0}
  serializedVersion: 6
  m_Component:
  - component: {fileID: 8598825828863738615}
  m_Layer: 9
  m_Name: Right_Thigh_Joint_01
  m_TagString: Untagged
  m_Icon: {fileID: 0}
  m_NavMeshLayer: 0
  m_StaticEditorFlags: 0
  m_IsActive: 1
--- !u!4 &8598825828863738615
Transform:
  m_ObjectHideFlags: 0
  m_CorrespondingSourceObject: {fileID: 0}
  m_PrefabInstance: {fileID: 0}
  m_PrefabAsset: {fileID: 0}
  m_GameObject: {fileID: 6859267917490379759}
  m_LocalRotation: {x: 0, y: 0, z: 0.9957005, w: -0.09263137}
  m_LocalPosition: {x: -0.1221335, y: 0.011331954, z: 0.0689056}
  m_LocalScale: {x: 1, y: 1, z: 1}
  m_Children:
  - {fileID: 1565284507173869127}
  m_Father: {fileID: 3180085900083675661}
  m_RootOrder: 1
  m_LocalEulerAnglesHint: {x: 0, y: 0, z: 0}
--- !u!1 &7190331501293901395
GameObject:
  m_ObjectHideFlags: 0
  m_CorrespondingSourceObject: {fileID: 0}
  m_PrefabInstance: {fileID: 0}
  m_PrefabAsset: {fileID: 0}
  serializedVersion: 6
  m_Component:
  - component: {fileID: 1922158542001620380}
  m_Layer: 9
  m_Name: Right_Pinky_Finger_Joint_01a
  m_TagString: Untagged
  m_Icon: {fileID: 0}
  m_NavMeshLayer: 0
  m_StaticEditorFlags: 0
  m_IsActive: 1
--- !u!4 &1922158542001620380
Transform:
  m_ObjectHideFlags: 0
  m_CorrespondingSourceObject: {fileID: 0}
  m_PrefabInstance: {fileID: 0}
  m_PrefabAsset: {fileID: 0}
  m_GameObject: {fileID: 7190331501293901395}
  m_LocalRotation: {x: 0.010538501, y: 0.008739322, z: 0.005554213, w: 0.99989086}
  m_LocalPosition: {x: 0.07244643, y: -0.013907843, z: 0.031932004}
  m_LocalScale: {x: 1, y: 1, z: 1}
  m_Children:
  - {fileID: 8417137053562893565}
  m_Father: {fileID: 1151240972061650026}
  m_RootOrder: 2
  m_LocalEulerAnglesHint: {x: 0, y: 0, z: 0}
--- !u!1 &7304100059654137560
GameObject:
  m_ObjectHideFlags: 0
  m_CorrespondingSourceObject: {fileID: 0}
  m_PrefabInstance: {fileID: 0}
  m_PrefabAsset: {fileID: 0}
  serializedVersion: 6
  m_Component:
  - component: {fileID: 8967934528611327633}
  m_Layer: 9
  m_Name: Left_Index_Finger_Joint_01c
  m_TagString: Untagged
  m_Icon: {fileID: 0}
  m_NavMeshLayer: 0
  m_StaticEditorFlags: 0
  m_IsActive: 1
--- !u!4 &8967934528611327633
Transform:
  m_ObjectHideFlags: 0
  m_CorrespondingSourceObject: {fileID: 0}
  m_PrefabInstance: {fileID: 0}
  m_PrefabAsset: {fileID: 0}
  m_GameObject: {fileID: 7304100059654137560}
  m_LocalRotation: {x: -0.011016605, y: -0.0002521592, z: -0.022881629, w: 0.9996775}
  m_LocalPosition: {x: -0.02294514, y: -3.190986e-16, z: 9.775166e-18}
  m_LocalScale: {x: 1, y: 1, z: 1}
  m_Children: []
  m_Father: {fileID: 1817976214037464168}
  m_RootOrder: 0
  m_LocalEulerAnglesHint: {x: 0, y: 0, z: 0}
--- !u!1 &7390784839362235038
GameObject:
  m_ObjectHideFlags: 0
  m_CorrespondingSourceObject: {fileID: 0}
  m_PrefabInstance: {fileID: 0}
  m_PrefabAsset: {fileID: 0}
  serializedVersion: 6
  m_Component:
  - component: {fileID: 8455296528971921022}
  m_Layer: 9
  m_Name: Left_Toe_Joint_01
  m_TagString: Untagged
  m_Icon: {fileID: 0}
  m_NavMeshLayer: 0
  m_StaticEditorFlags: 0
  m_IsActive: 1
--- !u!4 &8455296528971921022
Transform:
  m_ObjectHideFlags: 0
  m_CorrespondingSourceObject: {fileID: 0}
  m_PrefabInstance: {fileID: 0}
  m_PrefabAsset: {fileID: 0}
  m_GameObject: {fileID: 7390784839362235038}
  m_LocalRotation: {x: -0.22729197, y: -0.66958076, z: -0.22729197, w: 0.66958076}
  m_LocalPosition: {x: -0.13787192, y: -2.6645352e-17, z: 3.5527136e-17}
  m_LocalScale: {x: 1, y: 1, z: 1}
  m_Children: []
  m_Father: {fileID: 930520889419260099}
  m_RootOrder: 0
  m_LocalEulerAnglesHint: {x: 0, y: 0, z: 0}
--- !u!1 &7506789571501234174
GameObject:
  m_ObjectHideFlags: 0
  m_CorrespondingSourceObject: {fileID: 0}
  m_PrefabInstance: {fileID: 0}
  m_PrefabAsset: {fileID: 0}
  serializedVersion: 6
  m_Component:
  - component: {fileID: 2358062765561095562}
  m_Layer: 9
  m_Name: Left_Pinky_Finger_Joint_01a
  m_TagString: Untagged
  m_Icon: {fileID: 0}
  m_NavMeshLayer: 0
  m_StaticEditorFlags: 0
  m_IsActive: 1
--- !u!4 &2358062765561095562
Transform:
  m_ObjectHideFlags: 0
  m_CorrespondingSourceObject: {fileID: 0}
  m_PrefabInstance: {fileID: 0}
  m_PrefabAsset: {fileID: 0}
  m_GameObject: {fileID: 7506789571501234174}
  m_LocalRotation: {x: 0.0103124, y: -0.00016005653, z: 0.01551809, w: 0.9998264}
  m_LocalPosition: {x: -0.07212005, y: 0.012475326, z: -0.03323619}
  m_LocalScale: {x: 1, y: 1, z: 1}
  m_Children:
  - {fileID: 7137591653247687387}
  m_Father: {fileID: 1976451574489828250}
  m_RootOrder: 2
  m_LocalEulerAnglesHint: {x: 0, y: 0, z: 0}
--- !u!1 &7545173298645419964
GameObject:
  m_ObjectHideFlags: 0
  m_CorrespondingSourceObject: {fileID: 0}
  m_PrefabInstance: {fileID: 0}
  m_PrefabAsset: {fileID: 0}
  serializedVersion: 6
  m_Component:
  - component: {fileID: 7520991310922457036}
  m_Layer: 9
  m_Name: Left_Ring_Finger_Joint_01b
  m_TagString: Untagged
  m_Icon: {fileID: 0}
  m_NavMeshLayer: 0
  m_StaticEditorFlags: 0
  m_IsActive: 1
--- !u!4 &7520991310922457036
Transform:
  m_ObjectHideFlags: 0
  m_CorrespondingSourceObject: {fileID: 0}
  m_PrefabInstance: {fileID: 0}
  m_PrefabAsset: {fileID: 0}
  m_GameObject: {fileID: 7545173298645419964}
  m_LocalRotation: {x: 0.0007561775, y: 0.00050791446, z: 0.011838988, w: 0.99992955}
  m_LocalPosition: {x: -0.038333587, y: -2.4980017e-18, z: 4.4126392e-18}
  m_LocalScale: {x: 1, y: 1, z: 1}
  m_Children:
  - {fileID: 1331549909748696519}
  m_Father: {fileID: 8202085963912210946}
  m_RootOrder: 0
  m_LocalEulerAnglesHint: {x: 0, y: 0, z: 0}
--- !u!1 &7603116206559475184
GameObject:
  m_ObjectHideFlags: 0
  m_CorrespondingSourceObject: {fileID: 0}
  m_PrefabInstance: {fileID: 0}
  m_PrefabAsset: {fileID: 0}
  serializedVersion: 6
  m_Component:
  - component: {fileID: 6787789085920560458}
  m_Layer: 9
  m_Name: Right_Index_Finger_Joint_01c
  m_TagString: Untagged
  m_Icon: {fileID: 0}
  m_NavMeshLayer: 0
  m_StaticEditorFlags: 0
  m_IsActive: 1
--- !u!4 &6787789085920560458
Transform:
  m_ObjectHideFlags: 0
  m_CorrespondingSourceObject: {fileID: 0}
  m_PrefabInstance: {fileID: 0}
  m_PrefabAsset: {fileID: 0}
  m_GameObject: {fileID: 7603116206559475184}
  m_LocalRotation: {x: -0.011016605, y: -0.0002521592, z: -0.022881629, w: 0.9996775}
  m_LocalPosition: {x: 0.022944802, y: -0.00000007977574, z: -0.00000007166869}
  m_LocalScale: {x: 1, y: 1, z: 1}
  m_Children: []
  m_Father: {fileID: 1199317961665374546}
  m_RootOrder: 0
  m_LocalEulerAnglesHint: {x: 0, y: 0, z: 0}
--- !u!1 &7669043734472642149
GameObject:
  m_ObjectHideFlags: 0
  m_CorrespondingSourceObject: {fileID: 0}
  m_PrefabInstance: {fileID: 0}
  m_PrefabAsset: {fileID: 0}
  serializedVersion: 6
  m_Component:
  - component: {fileID: 3605146070022252407}
  m_Layer: 9
  m_Name: Ribs
  m_TagString: Untagged
  m_Icon: {fileID: 0}
  m_NavMeshLayer: 0
  m_StaticEditorFlags: 0
  m_IsActive: 1
--- !u!4 &3605146070022252407
Transform:
  m_ObjectHideFlags: 0
  m_CorrespondingSourceObject: {fileID: 0}
  m_PrefabInstance: {fileID: 0}
  m_PrefabAsset: {fileID: 0}
  m_GameObject: {fileID: 7669043734472642149}
  m_LocalRotation: {x: 0, y: -0, z: -0.009375348, w: 0.9999561}
  m_LocalPosition: {x: -0.08024527, y: 0.00062167255, z: -9.82317e-18}
  m_LocalScale: {x: 1, y: 1, z: 1}
  m_Children:
  - {fileID: 1426441832657216341}
  - {fileID: 8148705993459094407}
  - {fileID: 6814686958422892829}
  m_Father: {fileID: 7735391063667175186}
  m_RootOrder: 1
  m_LocalEulerAnglesHint: {x: 0, y: 0, z: 0}
--- !u!1 &7887638416903447545
GameObject:
  m_ObjectHideFlags: 0
  m_CorrespondingSourceObject: {fileID: 0}
  m_PrefabInstance: {fileID: 0}
  m_PrefabAsset: {fileID: 0}
  serializedVersion: 6
  m_Component:
  - component: {fileID: 7137591653247687387}
  m_Layer: 9
  m_Name: Left_Pinky_Finger_Joint_01b
  m_TagString: Untagged
  m_Icon: {fileID: 0}
  m_NavMeshLayer: 0
  m_StaticEditorFlags: 0
  m_IsActive: 1
--- !u!4 &7137591653247687387
Transform:
  m_ObjectHideFlags: 0
  m_CorrespondingSourceObject: {fileID: 0}
  m_PrefabInstance: {fileID: 0}
  m_PrefabAsset: {fileID: 0}
  m_GameObject: {fileID: 7887638416903447545}
  m_LocalRotation: {x: 0.0009738356, y: 0.00064097386, z: 0.014862133, w: 0.9998889}
  m_LocalPosition: {x: -0.030515512, y: -3.1502578e-17, z: 2.4720094e-18}
  m_LocalScale: {x: 1, y: 1, z: 1}
  m_Children:
  - {fileID: 8060306183690056974}
  m_Father: {fileID: 2358062765561095562}
  m_RootOrder: 0
  m_LocalEulerAnglesHint: {x: 0, y: 0, z: 0}
--- !u!1 &7958879008263888239
GameObject:
  m_ObjectHideFlags: 0
  m_CorrespondingSourceObject: {fileID: 0}
  m_PrefabInstance: {fileID: 0}
  m_PrefabAsset: {fileID: 0}
  serializedVersion: 6
  m_Component:
  - component: {fileID: 1976451574489828250}
  m_Layer: 9
  m_Name: Left_Wrist_Joint_01
  m_TagString: Untagged
  m_Icon: {fileID: 0}
  m_NavMeshLayer: 0
  m_StaticEditorFlags: 0
  m_IsActive: 1
--- !u!4 &1976451574489828250
Transform:
  m_ObjectHideFlags: 0
  m_CorrespondingSourceObject: {fileID: 0}
  m_PrefabInstance: {fileID: 0}
  m_PrefabAsset: {fileID: 0}
  m_GameObject: {fileID: 7958879008263888239}
  m_LocalRotation: {x: -0.0034134407, y: 0.0066458187, z: 0.45418105, w: 0.89087814}
  m_LocalPosition: {x: -0.17692582, y: -0.24830171, z: 0.04193508}
  m_LocalScale: {x: 1, y: 1, z: 1}
  m_Children:
  - {fileID: 2908958393128010531}
  - {fileID: 8193132088211016429}
  - {fileID: 2358062765561095562}
  - {fileID: 8202085963912210946}
  - {fileID: 178751472967951588}
  m_Father: {fileID: 6432801900853378792}
  m_RootOrder: 0
  m_LocalEulerAnglesHint: {x: 0, y: 0, z: 0}
--- !u!1 &8135068791703768486
GameObject:
  m_ObjectHideFlags: 0
  m_CorrespondingSourceObject: {fileID: 0}
  m_PrefabInstance: {fileID: 0}
  m_PrefabAsset: {fileID: 0}
  serializedVersion: 6
  m_Component:
  - component: {fileID: 1817976214037464168}
  m_Layer: 9
  m_Name: Left_Index_Finger_Joint_01b
  m_TagString: Untagged
  m_Icon: {fileID: 0}
  m_NavMeshLayer: 0
  m_StaticEditorFlags: 0
  m_IsActive: 1
--- !u!4 &1817976214037464168
Transform:
  m_ObjectHideFlags: 0
  m_CorrespondingSourceObject: {fileID: 0}
  m_PrefabInstance: {fileID: 0}
  m_PrefabAsset: {fileID: 0}
  m_GameObject: {fileID: 8135068791703768486}
  m_LocalRotation: {x: 0.0007113588, y: 0.0004798609, z: 0.011196686, w: 0.999937}
  m_LocalPosition: {x: -0.04053395, y: -2.3314683e-17, z: 9.922638e-19}
  m_LocalScale: {x: 1, y: 1, z: 1}
  m_Children:
  - {fileID: 8967934528611327633}
  m_Father: {fileID: 2908958393128010531}
  m_RootOrder: 0
  m_LocalEulerAnglesHint: {x: 0, y: 0, z: 0}
--- !u!1 &8416816149278726241
GameObject:
  m_ObjectHideFlags: 0
  m_CorrespondingSourceObject: {fileID: 0}
  m_PrefabInstance: {fileID: 0}
  m_PrefabAsset: {fileID: 0}
  serializedVersion: 6
  m_Component:
  - component: {fileID: 4797970129068583538}
  - component: {fileID: 8416816149278726238}
  - component: {fileID: 8416816149278726239}
  - component: {fileID: 8416816149278726240}
  - component: {fileID: 8416816149278726236}
  - component: {fileID: 8416816149278726237}
  - component: {fileID: 8416816149278726235}
  m_Layer: 9
  m_Name: Player
  m_TagString: Player
  m_Icon: {fileID: 0}
  m_NavMeshLayer: 0
  m_StaticEditorFlags: 0
  m_IsActive: 1
--- !u!4 &4797970129068583538
Transform:
  m_ObjectHideFlags: 0
  m_CorrespondingSourceObject: {fileID: 0}
  m_PrefabInstance: {fileID: 0}
  m_PrefabAsset: {fileID: 0}
  m_GameObject: {fileID: 8416816149278726241}
  m_LocalRotation: {x: -0, y: -0, z: -0, w: 1}
  m_LocalPosition: {x: 100, y: 0, z: 88.22}
  m_LocalScale: {x: 1, y: 1, z: 1}
  m_Children:
  - {fileID: 8946956909669829303}
  - {fileID: 7735391063667175186}
  m_Father: {fileID: 0}
  m_RootOrder: 0
  m_LocalEulerAnglesHint: {x: 0, y: 0, z: 0}
--- !u!95 &8416816149278726238
Animator:
  serializedVersion: 3
  m_ObjectHideFlags: 0
  m_CorrespondingSourceObject: {fileID: 0}
  m_PrefabInstance: {fileID: 0}
  m_PrefabAsset: {fileID: 0}
  m_GameObject: {fileID: 8416816149278726241}
  m_Enabled: 1
  m_Avatar: {fileID: 9000000, guid: 320b1c2af77554f99a1658df4a6d3d5c, type: 3}
  m_Controller: {fileID: 9100000, guid: 4a20247f122201241ab13b58104508c9, type: 2}
  m_CullingMode: 0
  m_UpdateMode: 0
  m_ApplyRootMotion: 1
  m_LinearVelocityBlending: 0
  m_WarningMessage: 
  m_HasTransformHierarchy: 1
  m_AllowConstantClipSamplingOptimization: 1
  m_KeepAnimatorControllerStateOnDisable: 0
--- !u!114 &8416816149278726239
MonoBehaviour:
  m_ObjectHideFlags: 0
  m_CorrespondingSourceObject: {fileID: 0}
  m_PrefabInstance: {fileID: 0}
  m_PrefabAsset: {fileID: 0}
  m_GameObject: {fileID: 8416816149278726241}
  m_Enabled: 1
  m_EditorHideFlags: 0
  m_Script: {fileID: 11500000, guid: e2ae966e9f224f547b3bfc365d1d41fe, type: 3}
  m_Name: 
  m_EditorClassIdentifier: 
  StatusBar: {fileID: 0}
  Status: {fileID: 0}
  Sounds:
  - {fileID: 8300000, guid: c09693a7cd506b64dbb3e461c9b015c2, type: 3}
  swordDmg: {fileID: 8300000, guid: 3c71bf429e17f984a825ea5a6089e908, type: 3}
  deathSnd: {fileID: 8300000, guid: d780e654e278b8744bd76dcf995505bf, type: 3}
  detectionRange: 2
--- !u!195 &8416816149278726240
NavMeshAgent:
  m_ObjectHideFlags: 0
  m_CorrespondingSourceObject: {fileID: 0}
  m_PrefabInstance: {fileID: 0}
  m_PrefabAsset: {fileID: 0}
  m_GameObject: {fileID: 8416816149278726241}
  m_Enabled: 1
  m_AgentTypeID: 0
  m_Radius: 0.05
  m_Speed: 3
  m_Acceleration: 500
  avoidancePriority: 50
  m_AngularSpeed: 1000
  m_StoppingDistance: 1.5
  m_AutoTraverseOffMeshLink: 1
  m_AutoBraking: 1
  m_AutoRepath: 1
  m_Height: 1.8
  m_BaseOffset: -0.15
  m_WalkableMask: 4294967295
  m_ObstacleAvoidanceType: 4
--- !u!136 &8416816149278726236
CapsuleCollider:
  m_ObjectHideFlags: 0
  m_CorrespondingSourceObject: {fileID: 0}
  m_PrefabInstance: {fileID: 0}
  m_PrefabAsset: {fileID: 0}
  m_GameObject: {fileID: 8416816149278726241}
  m_Material: {fileID: 0}
  m_IsTrigger: 1
  m_Enabled: 1
  m_Radius: 0.5
  m_Height: 1.9
  m_Direction: 1
  m_Center: {x: 0, y: 0.9, z: 0}
--- !u!82 &8416816149278726237
AudioSource:
  m_ObjectHideFlags: 0
  m_CorrespondingSourceObject: {fileID: 0}
  m_PrefabInstance: {fileID: 0}
  m_PrefabAsset: {fileID: 0}
  m_GameObject: {fileID: 8416816149278726241}
  m_Enabled: 1
  serializedVersion: 4
  OutputAudioMixerGroup: {fileID: 0}
  m_audioClip: {fileID: 0}
  m_PlayOnAwake: 0
  m_Volume: 1
  m_Pitch: 1
  Loop: 0
  Mute: 0
  Spatialize: 0
  SpatializePostEffects: 0
  Priority: 128
  DopplerLevel: 1
  MinDistance: 1
  MaxDistance: 500
  Pan2D: 0
  rolloffMode: 0
  BypassEffects: 0
  BypassListenerEffects: 0
  BypassReverbZones: 0
  rolloffCustomCurve:
    serializedVersion: 2
    m_Curve:
    - serializedVersion: 3
      time: 0
      value: 1
      inSlope: 0
      outSlope: 0
      tangentMode: 0
      weightedMode: 0
      inWeight: 0.33333334
      outWeight: 0.33333334
    - serializedVersion: 3
      time: 1
      value: 0
      inSlope: 0
      outSlope: 0
      tangentMode: 0
      weightedMode: 0
      inWeight: 0.33333334
      outWeight: 0.33333334
    m_PreInfinity: 2
    m_PostInfinity: 2
    m_RotationOrder: 4
  panLevelCustomCurve:
    serializedVersion: 2
    m_Curve:
    - serializedVersion: 3
      time: 0
      value: 0
      inSlope: 0
      outSlope: 0
      tangentMode: 0
      weightedMode: 0
      inWeight: 0.33333334
      outWeight: 0.33333334
    m_PreInfinity: 2
    m_PostInfinity: 2
    m_RotationOrder: 4
  spreadCustomCurve:
    serializedVersion: 2
    m_Curve:
    - serializedVersion: 3
      time: 0
      value: 0
      inSlope: 0
      outSlope: 0
      tangentMode: 0
      weightedMode: 0
      inWeight: 0.33333334
      outWeight: 0.33333334
    m_PreInfinity: 2
    m_PostInfinity: 2
    m_RotationOrder: 4
  reverbZoneMixCustomCurve:
    serializedVersion: 2
    m_Curve:
    - serializedVersion: 3
      time: 0
      value: 1
      inSlope: 0
      outSlope: 0
      tangentMode: 0
      weightedMode: 0
      inWeight: 0.33333334
      outWeight: 0.33333334
    m_PreInfinity: 2
    m_PostInfinity: 2
    m_RotationOrder: 4
--- !u!114 &8416816149278726235
MonoBehaviour:
  m_ObjectHideFlags: 0
  m_CorrespondingSourceObject: {fileID: 0}
  m_PrefabInstance: {fileID: 0}
  m_PrefabAsset: {fileID: 0}
  m_GameObject: {fileID: 8416816149278726241}
  m_Enabled: 1
  m_EditorHideFlags: 0
  m_Script: {fileID: 11500000, guid: d0bdb3866418d5246b95f7bd04201897, type: 3}
  m_Name: 
  m_EditorClassIdentifier: 
  maxHealth: 150
  currentHealth: 0
  isDead: 0
--- !u!1 &8748049000380536918
GameObject:
  m_ObjectHideFlags: 0
  m_CorrespondingSourceObject: {fileID: 0}
  m_PrefabInstance: {fileID: 0}
  m_PrefabAsset: {fileID: 0}
  serializedVersion: 6
  m_Component:
  - component: {fileID: 8555160325791232087}
  m_Layer: 9
  m_Name: Left_Knee_Joint_01
  m_TagString: Untagged
  m_Icon: {fileID: 0}
  m_NavMeshLayer: 0
  m_StaticEditorFlags: 0
  m_IsActive: 1
--- !u!4 &8555160325791232087
Transform:
  m_ObjectHideFlags: 0
  m_CorrespondingSourceObject: {fileID: 0}
  m_PrefabInstance: {fileID: 0}
  m_PrefabAsset: {fileID: 0}
  m_GameObject: {fileID: 8748049000380536918}
  m_LocalRotation: {x: 4.4401062e-16, y: 8.354493e-18, z: 0.018812645, w: 0.99982303}
  m_LocalPosition: {x: -0.3717338, y: -0.0019966115, z: 0.07303617}
  m_LocalScale: {x: 1, y: 1, z: 1}
  m_Children:
  - {fileID: 930520889419260099}
  m_Father: {fileID: 6997156765224029687}
  m_RootOrder: 0
  m_LocalEulerAnglesHint: {x: 0, y: 0, z: 0}
--- !u!1 &8762691305902880868
GameObject:
  m_ObjectHideFlags: 0
  m_CorrespondingSourceObject: {fileID: 0}
  m_PrefabInstance: {fileID: 0}
  m_PrefabAsset: {fileID: 0}
  serializedVersion: 6
  m_Component:
  - component: {fileID: 1179447815534015183}
  m_Layer: 9
  m_Name: Head
  m_TagString: Untagged
  m_Icon: {fileID: 0}
  m_NavMeshLayer: 0
  m_StaticEditorFlags: 0
  m_IsActive: 1
--- !u!4 &1179447815534015183
Transform:
  m_ObjectHideFlags: 0
  m_CorrespondingSourceObject: {fileID: 0}
  m_PrefabInstance: {fileID: 0}
  m_PrefabAsset: {fileID: 0}
  m_GameObject: {fileID: 8762691305902880868}
  m_LocalRotation: {x: 0, y: -0, z: -0, w: 1}
  m_LocalPosition: {x: -0.079593115, y: 0, z: -2.0962138e-17}
  m_LocalScale: {x: 1, y: 1, z: 1}
  m_Children: []
  m_Father: {fileID: 8148705993459094407}
  m_RootOrder: 0
  m_LocalEulerAnglesHint: {x: 0, y: 0, z: 0}
--- !u!1 &8811472689484969053
GameObject:
  m_ObjectHideFlags: 0
  m_CorrespondingSourceObject: {fileID: 0}
  m_PrefabInstance: {fileID: 0}
  m_PrefabAsset: {fileID: 0}
  serializedVersion: 6
  m_Component:
  - component: {fileID: 178751472967951588}
  m_Layer: 9
  m_Name: Left_Thumb_Joint_01a
  m_TagString: Untagged
  m_Icon: {fileID: 0}
  m_NavMeshLayer: 0
  m_StaticEditorFlags: 0
  m_IsActive: 1
--- !u!4 &178751472967951588
Transform:
  m_ObjectHideFlags: 0
  m_CorrespondingSourceObject: {fileID: 0}
  m_PrefabInstance: {fileID: 0}
  m_PrefabAsset: {fileID: 0}
  m_GameObject: {fileID: 8811472689484969053}
  m_LocalRotation: {x: 0.42036253, y: 0.37180415, z: -0.08352769, w: 0.8234563}
  m_LocalPosition: {x: -0.046887316, y: -0.004865311, z: 0.046988335}
  m_LocalScale: {x: 1, y: 1, z: 1}
  m_Children:
  - {fileID: 1068221262739284387}
  m_Father: {fileID: 1976451574489828250}
  m_RootOrder: 4
  m_LocalEulerAnglesHint: {x: 0, y: 0, z: 0}
--- !u!1 &8875414470804385440
GameObject:
  m_ObjectHideFlags: 0
  m_CorrespondingSourceObject: {fileID: 0}
  m_PrefabInstance: {fileID: 0}
  m_PrefabAsset: {fileID: 0}
  serializedVersion: 6
  m_Component:
  - component: {fileID: 105881705335778653}
  m_Layer: 9
  m_Name: Right_Middle_Finger_Joint_01a
  m_TagString: Untagged
  m_Icon: {fileID: 0}
  m_NavMeshLayer: 0
  m_StaticEditorFlags: 0
  m_IsActive: 1
--- !u!4 &105881705335778653
Transform:
  m_ObjectHideFlags: 0
  m_CorrespondingSourceObject: {fileID: 0}
  m_PrefabInstance: {fileID: 0}
  m_PrefabAsset: {fileID: 0}
  m_GameObject: {fileID: 8875414470804385440}
  m_LocalRotation: {x: 0.010496695, y: 0.008789492, z: 0.0007846789, w: 0.999906}
  m_LocalPosition: {x: 0.07144747, y: -0.013888802, z: -0.0063472134}
  m_LocalScale: {x: 1, y: 1, z: 1}
  m_Children:
  - {fileID: 5308798928233155991}
  m_Father: {fileID: 1151240972061650026}
  m_RootOrder: 1
  m_LocalEulerAnglesHint: {x: 0, y: 0, z: 0}
--- !u!1 &8994571343776881027
GameObject:
  m_ObjectHideFlags: 0
  m_CorrespondingSourceObject: {fileID: 0}
  m_PrefabInstance: {fileID: 0}
  m_PrefabAsset: {fileID: 0}
  serializedVersion: 6
  m_Component:
  - component: {fileID: 1331549909748696519}
  m_Layer: 9
  m_Name: Left_Ring_Finger_Joint_01c
  m_TagString: Untagged
  m_Icon: {fileID: 0}
  m_NavMeshLayer: 0
  m_StaticEditorFlags: 0
  m_IsActive: 1
--- !u!4 &1331549909748696519
Transform:
  m_ObjectHideFlags: 0
  m_CorrespondingSourceObject: {fileID: 0}
  m_PrefabInstance: {fileID: 0}
  m_PrefabAsset: {fileID: 0}
  m_GameObject: {fileID: 8994571343776881027}
  m_LocalRotation: {x: -0.011060424, y: -0.000267697, z: -0.024194574, w: 0.99964607}
  m_LocalPosition: {x: -0.021700656, y: -6.477451e-17, z: 8.274631e-18}
  m_LocalScale: {x: 1, y: 1, z: 1}
  m_Children: []
  m_Father: {fileID: 7520991310922457036}
  m_RootOrder: 0
  m_LocalEulerAnglesHint: {x: 0, y: 0, z: 0}
--- !u!1 &9144327039910845505
GameObject:
  m_ObjectHideFlags: 0
  m_CorrespondingSourceObject: {fileID: 0}
  m_PrefabInstance: {fileID: 0}
  m_PrefabAsset: {fileID: 0}
  serializedVersion: 6
  m_Component:
  - component: {fileID: 930520889419260099}
  m_Layer: 9
  m_Name: Left_Ankle_Joint_01
  m_TagString: Untagged
  m_Icon: {fileID: 0}
  m_NavMeshLayer: 0
  m_StaticEditorFlags: 0
  m_IsActive: 1
--- !u!4 &930520889419260099
Transform:
  m_ObjectHideFlags: 0
  m_CorrespondingSourceObject: {fileID: 0}
  m_PrefabInstance: {fileID: 0}
  m_PrefabAsset: {fileID: 0}
  m_GameObject: {fileID: 9144327039910845505}
  m_LocalRotation: {x: 0.86925447, y: 0.49436495, z: 3.027112e-17, w: 5.3226485e-17}
  m_LocalPosition: {x: -0.43405014, y: -8.4273525e-18, z: -8.746468e-18}
  m_LocalScale: {x: 1, y: 1, z: 1}
  m_Children:
  - {fileID: 8455296528971921022}
  m_Father: {fileID: 8555160325791232087}
  m_RootOrder: 0
  m_LocalEulerAnglesHint: {x: 0, y: 0, z: 0}
